<?xml version="1.0" encoding="UTF-8"?><collection xmlns="http://www.loc.gov/MARC21/slim"><record><leader>00588nam--2200193-i-4500</leader><controlfield tag="001">000045143</controlfield><controlfield tag="002">20161230</controlfield><controlfield tag="005">20170103165532</controlfield><controlfield tag="008">060222s1000------------r-----000-0-eng-d</controlfield><datafield ind1=" " ind2=" " tag="040"><subfield code="a">IFIN-HH</subfield></datafield><datafield ind1=" " ind2=" " tag="080"><subfield code="a">532.517.4</subfield></datafield><datafield ind1="1" ind2=" " tag="100"><subfield code="a">Swinney, H.L</subfield></datafield><datafield ind1="1" ind2="0" tag="245"><subfield code="a">Topics in applied physics. Vol. 45. Hydrodynamic instabilities and the transition to turbulence</subfield><subfield code="c">H.L. Swinney, J.P. Gollub (eds.)</subfield></datafield><datafield ind1=" " ind2=" " tag="260"><subfield code="a">Berlin</subfield><subfield code="b">Springer-Verlag</subfield><subfield code="c">1981</subfield></datafield><datafield ind1=" " ind2=" " tag="300"><subfield code="a">XII+292 p</subfield></datafield><datafield ind1=" " ind2=" " tag="490"><subfield code="a">Topics In Applied Physics, 45</subfield></datafield><datafield ind1="1" ind2=" " tag="700"><subfield code="a">Gollub, J.P</subfield><subfield code="e">Ed</subfield></datafield><datafield ind1=" " ind2=" " tag="852"><subfield code="a">40951</subfield><subfield code="c">53</subfield></datafield><datafield ind1=" " ind2=" " tag="CAT"><subfield code="a">SYS</subfield><subfield code="c">20170103</subfield><subfield code="h">165532</subfield></datafield></record></collection>